@misc{qin2020cosdaml,
      title={CoSDA-ML: Multi-Lingual Code-Switching Data Augmentation for Zero-Shot Cross-Lingual NLP}, 
      author={Libo Qin and Minheng Ni and Yue Zhang and Wanxiang Che},
      year={2020},
      eprint={2006.06402},
      archivePrefix={arXiv},
      primaryClass={cs.CL}
}
@article{chisquare,
author = {Singhal, Richa and Rana, Rakesh},
year = {2015},
month = {01},
pages = {},
title = {Chi-square test and its application in hypothesis testing},
volume = {1},
journal = {Journal of the Practice of Cardiovascular Sciences},
doi = {10.4103/2395-5414.157577}
}
https://link.springer.com/referenceworkentry/10.1007%2F978-1-4020-5614-7_2569

@article{textblob,
  title={textblob Documentation},
  author={Loria, Steven},
  journal={Release 0.15},
  volume={2},
  year={2018}
}

@article{youtube_paper,
author = {Martinho, Mariana and Pinto, Marta and Kuznetsova, Yuliya},
year = {2012},
month = {01},
pages = {76-90},
title = {Scholarsâ€™ YouTube channels: content analysis of educational videos.},
volume = {2},
journal = {Internet Latent Corpus Journal}
}